2930 4920
230 356 266 415 vt
279 361 282 367 ‘
692 357 915 419 PRAEFATIO.

231 525 268 582 Et
294 525 404 586 iterum
431 543 557 585 monere
581 545 711 587 necesse
734 539 796 608 est,
825 530 1075 609 Monogrophiam
1099 548 1198 591 meam
1222 548 1283 589 non
1306 548 1372 590 esse

231 651 367 724 systema
397 644 537 706 naturale
564 645 951 726 Stylommatophororum,
983 647 1039 709 sod
1068 650 1170 728 potius
1199 648 1372 709 methodum

230 765 490 844 conchologicam,
511 766 708 826 inveniendis
725 777 755 826 et
770 767 1015 828 determinandis
1031 768 1198 848 speciebus
1214 770 1374 846 incognitis

230 882 278 944 vel
302 882 406 945 dubiis
430 893 579 964 quantum
603 885 669 944 heri
692 893 825 964 poterat,
850 887 1034 966 adaptatam.

315 1005 492 1080 Praetereo,
520 1005 602 1064 Bone
631 1005 753 1082 Lector,
782 1007 937 1082 conseras,
968 1026 1047 1086 quae
1075 1009 1105 1068 in
1132 1006 1374 1068 Praefationihus

233 1124 313 1200 4848
336 1133 367 1183 et
391 1123 471 1182 4853
495 1125 654 1202 proposui.
1126 1125 1127 1128 ’

315 1243 482 1318 Cossellae,
507 1261 613 1303 mense
637 1245 801 1306 Novembri
828 1247 918 1306 4858.

962 1405 1013 1470 li.
1036 1399 1259 1480 Pselffer,
1283 1405 1332 1464 Dr.

372 1859 521 1966 tipororo
550 1864 741 1942 citatorum
769 1863 986 1944 enumeratio
1014 1861 1232 1945 continuate.

227 2053 367 2118 Adam,
402 2055 511 2126 Hem-y
545 2054 598 2108 and
633 2056 772 2120 hrthur,
810 2056 868 2110 The
903 2074 1005 2128 genera
1041 2058 1071 2112 oi
1101 2068 1198 2112 recent
1231 2057 1374 2120 hioiiusra;

312 2139 450 2211 arranged
480 2139 632 2212 according
662 2149 690 2194 to
721 2141 791 2194 their
821 2140 1018 2210 organization.
1057 2142 1181 2196 London.
1219 2143 1280 2195 Part
1307 2144 1374 2195 xm.

310 2225 368 2278 Jen.
408 2228 495 2279 4855.
537 2243 562 2296 p.
602 2227 775 2280 too—tet.
817 2226 853 2297 pt.
888 2228 1029 2290 73-763
1075 2231 1131 2280 XX.
1170 2225 1247 2280 Fehr.
1287 2231 1376 2280 48544.

312 2329 338 2383 p.
372 2313 545 2365 tas-tto.
580 2311 615 2383 pl.
646 2313 784 2374 47-80;
823 2311 890 2364 ΧΧΙ.
921 2309 986 2384 Apr.
1019 2315 1106 2366 48445.
1138 2329 1163 2384 p.
1198 2314 1376 2372 ist-re&

312 2395 470 2449 xxiiim.
493 2399 579 2450 ress.
599 2414 624 2467 p.
646 2399 823 2460 reo-eom
847 2396 937 2449 xxm
954 2397 1029 2470 sepi.
1050 2400 1137 2452 roos.
1155 2416 1180 2469 p.
1200 2399 1375 2452 ear-ier.

226 2479 361 2542 hlhcrs,
390 2481 411 2532 J.
440 2480 514 2541 Chr.¹
543 2479 765 2552 hioiocographin
787 2479 971 2544 hioderrnsis‚
999 2481 1057 2536 sito
1082 2481 1252 2535 emrmcratio
1276 2481 1376 2535 44404141-

313 2579 425 2618 ecorum
453 2580 524 2634 quoe
551 2564 577 2616 in
607 2565 702 2617 inentis
729 2565 857 2618 hiaderae
885 2575 912 2620 et
934 2567 1031 2620 Portus
1054 2567 1145 2620 Sancti
1169 2575 1215 2618 aut
1237 2566 1298 2618 viva
1323 2583 1376 2618 ex-

312 2657 385 2704 stant
408 2658 453 2702 out
475 2648 578 2702 iossiiia
602 2648 784 2722 reperiuntur.
822 2652 889 2704 Cum
918 2653 951 2705 47
977 2651 1031 2704 tab.
1069 2651 1158 2706 Berol.
1189 2652 1277 2704 root.

227 2733 331 2787 Annais
353 2733 383 2788 oi
402 2733 447 2787 tho
469 2734 590 2804 Lyceum
611 2733 642 2788 oi
659 2734 765 2788 natural
784 2734 890 2806 history
912 2735 941 2789 os
957 2735 1126 2790 New-i'ork.
1160 2738 1375 2790 4834-4857.

227 2819 333 2883 Betta,
354 2817 406 2872 Ed.
428 2818 492 2872 Cor.
514 2817 562 2882 de,
584 2835 598 2871 e
620 2818 799 2877 Mortinoti.
819 2821 860 2879 P..
883 2821 1015 2892 Cotaiogo
1032 2819 1075 2874 dei
1092 2818 1235 2875 hioiluschi
1253 2821 1377 2874 terrestri

314 2903 473 2958 essuviatili
499 2902 600 2956 viventi
624 2905 696 2958 nelle
720 2903 862 2976 proiincic
886 2907 998 2959 Veneto.
1036 2907 1142 2962 Verona
1172 2909 1258 2960 teto.

228 2987 332 3052 ticli,
360 2988 389 3042 Ε.
419 2986 463 3052 A„
493 2987 603 3060 Beitrog
631 3006 680 3042 zur
707 2989 824 3043 Kenntn.
850 2989 899 3044 dei·
921 2990 1099 3062 siehenhttrg.
1124 2991 1215 3044 Land-
1240 3007 1264 3044 u.
1289 2991 1377 3044 Suiss-

312 3071 584 3127 wossermohusken.
618 3073 688 3128 iius:
713 3074 859 3131 i’crhandl.
881 3092 905 3128 u.
928 3075 1048 3129 Mittheii.
1071 3075 1095 3128 d.
1119 3075 1243 3130 siebonh.
1260 3075 1378 3128 Vereins

312 3159 328 3212 4.
352 3157 512 3212 Naturwiss.
536 3159 577 3212 lv.
606 3163 615 3212 4
624 3163 692 3213 853.

249 3275 332 3282 —-
365 3242 601 3315 hiolohologische
622 3245 737 3298 Notizen
760 3262 809 3298 aus
830 3245 1051 3316 Siebcnhttrgen.
1086 3245 1156 3299 Ans:
1181 3243 1326 3298 t'orhandi.
1349 3261 1378 3299 u.

312 3327 434 3382 hiittheil.
458 3327 483 3380 d.
507 3327 576 3383 sieb,
601 3329 662 3382 i'er.
702 3333 788 3384 4856.
822 3330 867 3383 Nr.
896 3333 939 3383 te.

227 3413 367 3485 itinney‚
390 3414 501 3476 Amos,
526 3415 584 3468 The
608 3415 754 3468 terrestrial
778 3412 979 3485 air-breothing
1002 3413 1133 3469 hiollnshs
1156 3413 1185 3466 oi
1204 3413 1249 3465 tho
1273 3411 1376 3466 United

312 3500 401 3554 States
424 3498 477 3552 ond
501 3499 547 3554 the
570 3499 697 3572 adjacent
719 3497 870 3553 territories
893 3498 923 3552 oi
943 3499 1028 3553 North
1051 3499 1186 3553 Americe.
1220 3497 1316 3551 Edited
1339 3497 1379 3568 hy

310 3583 389 3654 Aug.
414 3583 444 3637 Α.
469 3583 587 3638 Gouid.
620 3587 637 3638 1.
662 3585 690 3637 44.
719 3589 806 3638 test.
841 3584 881 3636 444.
912 3588 998 3640 4837,

226 3665 365 3738 money,
392 3667 436 3720 W.
461 3667 508 3730 G.,
535 3667 725 3740 Descriptions
749 3669 779 3722 oi
799 3669 947 3722 terrestriol
971 3668 1055 3721 sheiis
1079 3667 1109 3721 os
1130 3668 1214 3721 North
1239 3667 1380 3730 timerirn,

311 3751 347 3823 hy
371 3751 513 3806 Thomas
536 3753 605 3823 Sey.
643 3751 744 3805 Philad.
773 3756 861 3806 4856.

226 3835 471 3909 Bourguignat,
501 3837 522 3890 J.
553 3836 595 3898 ih,
626 3837 759 3890 Testacea
788 3835 951 3900 novissima,
983 3854 1052 3910 rinae
1076 3838 1113 3891 (Ji.
1138 3836 1176 3890 de
1201 3838 1322 3909 siutcy
1349 3837 1380 3892 in

311 3921 408 3976 itinere
431 3939 481 3994 per
503 3919 637 3975 orientem
661 3921 739 3974 annis
766 3924 843 3974 4850
868 3929 894 3974 et
919 3925 992 3976 4834
1021 3921 1139 3990 collegit.
1176 3921 1262 3976 hotot.
1284 3927 1377 3976 tote.

312 4005 439 4078 (i'oyege
469 4015 567 4061 outour
596 4005 630 4060 de
658 4005 681 4060 la
709 4007 767 4060 hier
794 4007 881 4061 hiorte
909 4015 935 4060 et
959 4006 1028 4060 dons
1050 4007 1090 4061 ies
1115 4017 1203 4061 terres
1226 4007 1381 4079 biblique«,

312 4095 429 4146 executd
453 4109 502 4163 par
525 4091 553 4146 F.
578 4091 617 4146 dc
639 4093 770 4163 Sauicy.
804 4091 888 4146 titios.
922 4091 1083 4160 Quiiiziemc
1107 4091 1258 4158 hireison.)

247 4207 330 4216 —-—
364 4176 514 4248 Cotologuc
549 4177 676 4232 raisonne
711 4176 761 4230 des
794 4178 962 4249 hioihrsqnes
995 4187 1140 4232 terrestres
1172 4187 1196 4229 et
1228 4177 1383 4232 fluviatiles

310 4262 447 4316 rerneiihs
471 4279 519 4333 par
543 4263 575 4316 hi.
599 4261 627 4316 F.
652 4261 690 4316 de
714 4262 833 4334 Santry
857 4263 977 4336 pendant
1002 4281 1052 4318 son
1077 4279 1184 4333 voyage
1210 4280 1243 4316 en
1268 4263 1382 4318 Orient.

310 4347 384 4400 Paris
410 4351 499 4403 4853.
