2930 4920
416 1079 818 1162 PRAEFATIO.

136 1334 180 1412 Ex
208 1351 258 1412 illo
289 1359 448 1432 temporo,
483 1367 544 1428 quo
573 1347 811 1430 Monographiae
841 1351 1034 1414 llclicoorum
1064 1353 1191 1434 supple-

71 1477 181 1528 mentum
210 1470 348 1548 primurn
379 1452 482 1543 edidi,
515 1468 626 1528 eximia
656 1467 761 1531 denno
791 1470 1011 1533 molluscorom
1041 1489 1191 1534 novomm

71 1588 137 1664 copia
161 1589 288 1650 innotuit
314 1599 347 1649 ct
368 1607 385 1649 a
408 1586 502 1648 variis
522 1587 702 1648 auctoribus
723 1587 878 1670 descripta
899 1599 956 1651 est.
1003 1591 1079 1654 Cum
1101 1609 1192 1672 pmc-

71 1713 134 1764 lerea
163 1707 355 1770 Heliceornm
388 1713 555 1787 systemata
588 1708 734 1768 nonnulla
762 1707 822 1770 hoo
852 1719 991 1790 tompore
1021 1677 1068 1772 ad
1092 1709 1190 1772 lucem

71 1824 224 1904 prodierint,
251 1827 472 1890 necessarium
494 1827 563 1904 luit,
589 1827 702 1890 iterum
724 1829 836 1892 seriem
859 1829 1047 1912 completam
1069 1831 1190 1910 specio-

71 1964 132 2022 mm,
151 1947 324 2008 emendatis
346 1944 548 2008 emendandis
570 1957 602 2008 et
624 1949 749 2010 insertis
773 1949 876 2026 novis,
899 1951 1076 2012 enumerari
1097 1983 1139 1994 —-
1162 1959 1193 2010 el

72 2063 118 2123 lere
135 2067 295 2147 unicnique
319 2065 496 2125 citationem
518 2066 617 2127 lconis
640 2065 742 2128 bonae
764 2069 834 2144 (etsi
855 2067 1010 2130 interdum
1023 2071 1086 2148 jam
1103 2081 1191 2130 antea

71 2184 164 2260 citatae]
187 2186 304 2266 adJ'eci,
335 2194 369 2246 ut
391 2181 561 2266 catalogum
585 2185 740 2264 obtineas,
767 2187 920 2250 Benevolc
943 2189 1065 2266 tector,
1094 2208 1191 2269 qnon-

71 2311 116 2362 tom
138 2305 196 2367 lieri
222 2315 367 2388 poterat,
397 2303 583 2384 completum
607 2325 709 2387 usqne
732 2306 772 2368 ad
795 2308 887 2368 linem
912 2309 982 2368 anni
1007 2309 1102 2384 ⁴857,
1131 2327 1193 2388 quo

72 2427 247 2506 manuscripta
271 2423 367 2506 prelo
390 2421 501 2484 tradita
524 2435 609 2506 sunt,
632 2435 784 2488 notorum.

132 2545 303 2623 sonjooctls
340 2543 453 2606 studiis
485 2545 624 2608 virorum
656 2555 854 2608 strenuorum
888 2545 1015 2610 historia
1044 2547 1193 2610 naturalis

72 2669 192 2725 terrarum
224 2663 451 2726 nonnullarum
488 2679 571 2725 nunc
605 2663 729 2744 egregie
764 2673 905 2744 promota
940 2673 1006 2742 est,
1044 2663 1192 2728 mollusca

72 2799 90 2838 e.
107 2801 142 2860 gr.
159 2785 324 2848 Americac
347 2781 482 2844 borealis
503 2791 535 2844 et
553 2781 674 2846 insulae
689 2777 808 2864 cubae,
831 2795 922 2848 antea
939 2803 978 2848 ex
992 2793 1082 2868 parte
1098 2785 1192 2848 dubia

72 2899 106 2959 vel
127 2905 261 2976 contusa,
294 2919 383 2964 nnnc
409 2903 490 2964 bane
516 2903 732 2982 innotuerunt,
762 2905 907 2984 regiones
933 2915 1025 2968 antea
1052 2905 1118 2968 lere
1145 2905 1192 2968 ln-

72 3021 181 3096 mgoimo
208 3023 394 3102 exploratae
424 3031 510 3098 sunt,
540 3031 571 3084 et
600 3041 709 3084 omnes
737 3031 841 3084 terrae
868 3031 974 3103 parles
997 3043 1078 3086 nova
1101 3043 1193 3106 prae-

72 3135 192 3220 hocmnt,
228 3162 293 3223 quo
334 3141 388 3201 fit·
404 3151 439 3202 ut
473 3159 536 3204 non
571 3111 671 3204 solnm
705 3160 856 3204 numerus
891 3145 1069 3224 specierum
1103 3141 1193 3204 valde

71 3261 224 3340 locossic,
248 3259 311 3324 sod
335 3261 427 3322 etiam
451 3258 564 3323 multae
587 3259 655 3324 ollis
678 3279 772 3344 quam
795 3271 886 3326 antea
908 3263 984 3324 locis
1008 3261 1193 3324 inserendae

73 3373 163 3440 loerint.

131 3501 190 3560 Etsi
217 3519 304 3564 anno
337 3499 437 3577 ⁴855,
469 3497 604 3563 ducibus
634 3501 677 3562 cl.
708 3503 821 3581 Gray,
853 3499 1003 3578 Albona,
1036 3499 1069 3558 ll.
1100 3507 1132 3560 et
1159 3497 1194 3558 Α.

70 3611 188 3700 ldams,
211 3617 487 3684 Shnttlewortlr
509 3619 640 3700 aliisque
664 3619 897 3702 dispositionem
919 3619 1092 3684 naturalem
1112 3617 1195 3680 llcli-

71 3751 169 3798 tcomn
188 3739 393 3802 conscribere
414 3751 542 3802 conatus
563 3741 637 3816 dm,
661 3747 764 3802 tamon
779 3741 811 3800 in
829 3739 888 3802 hoo
904 3741 1059 3802 volumino
1076 3739 1194 3800 motho-

70 3849 124 3916 dom
145 3869 266 3924 secutus
291 3875 363 3920 snm
386 3858 517 3920 eandem
538 3877 575 3920 ao
594 3857 625 3920 in
645 3859 852 3922 voluminibus
869 3861 932 3940 iam
954 3859 1058 3936 aditis,
1081 3875 1194 3940 genem

71 3971 197 4056 adoptem
209 3979 301 4060 plura
314 3979 355 4040 ab
367 3960 547 4044 auctoribus
559 3981 734 4060 proposita,
754 3999 888 4060 quorum
898 3981 1021 4060 species
1031 3979 1063 4040 in
1074 3979 1196 4058 gonori-

71 4088 271 4161 lnsveterilms
280 4099 484 4178 amblgnovel
493 4095 1196 4180 maleoollooataeapparuerunt,eteaclndans

72 4225 147 4278 leons
169 4217 450 4302 Proserpinam,
474 4235 511 4280 ex
534 4217 708 4298 cognitione
729 4217 869 4282 animalia
889 4217 929 4282 ad
949 4218 1093 4280 lamiliam
1114 4215 1196 4278 lleli-

74 4344 173 4396 tearum
187 4357 249 4400 non
266 4341 440 4418 pertinens
462 4339 506 4400 cl.
522 4339 581 4398 Plr.
597 4340 674 4400 tlon.
690 4338 827 4402 lluricul.
846 4341 936 4400 taso.
953 4339 1065 4420 ΛΡΜ
1080 4355 1111 4414 p.
1127 4333 1197 4394 467.
